<record><leader>00000cas a22000007a 4500</leader><controlfield tag="001">11934965</controlfield><controlfield tag="008">850418d18651886tnuwr ne      0    0eng d</controlfield><datafield ind1=" " ind2=" " tag="010"><subfield code="a">sn 85033399 </subfield></datafield><datafield ind1=" " ind2=" " tag="040"><subfield code="a">NPU</subfield><subfield code="b">eng</subfield><subfield code="c">NPU</subfield><subfield code="d">DLC</subfield><subfield code="d">NPX</subfield><subfield code="d">PPM</subfield><subfield code="d">KNP</subfield><subfield code="d">NVF</subfield><subfield code="d">TGN</subfield><subfield code="d">OCLCQ</subfield><subfield code="d">OCLCF</subfield><subfield code="d">OCLCO</subfield></datafield><datafield ind1="1" ind2=" " tag="029"><subfield code="a">AU@</subfield><subfield code="b">000020379012</subfield></datafield><datafield ind1=" " ind2=" " tag="042"><subfield code="a">msc</subfield></datafield><datafield ind1=" " ind2=" " tag="043"><subfield code="a">n-us-tn</subfield></datafield><datafield ind1="0" ind2="0" tag="050"><subfield code="a">Newspaper 9793-X</subfield></datafield><datafield ind1="0" ind2=" " tag="130"><subfield code="a">New era (Greeneville, Tenn. : 1865)</subfield></datafield><datafield ind1="1" ind2="0" tag="245"><subfield code="a">New era.</subfield></datafield><datafield ind1=" " ind2=" " tag="260"><subfield code="a">Greeneville, Tenn. :</subfield><subfield code="b">J.B.R. Lyon</subfield></datafield><datafield ind1=" " ind2=" " tag="300"><subfield code="a">v. ;</subfield><subfield code="c">56 cm.</subfield></datafield><datafield ind1=" " ind2=" " tag="310"><subfield code="a">Weekly</subfield></datafield><datafield ind1="1" ind2=" " tag="362"><subfield code="a">Began with June 24, 1865 issue; ceased in 1886?</subfield></datafield><datafield ind1=" " ind2=" " tag="500"><subfield code="a">Publisher: J.B.R. Lyon, 1865-&lt;1880&gt;</subfield></datafield><datafield ind1=" " ind2=" " tag="500"><subfield code="a">Editor: James Britton [Lyon], 1865-1866.</subfield></datafield><datafield ind1=" " ind2=" " tag="530"><subfield code="a">Available on microfilm from Tennessee State Library and Archives.</subfield></datafield><datafield ind1=" " ind2=" " tag="588"><subfield code="a">Description based on: Vol. 1, no. 3 (July 8, 1865).</subfield></datafield><datafield ind1=" " ind2="0" tag="651"><subfield code="a">Greeneville (Tenn.)</subfield><subfield code="v">Newspapers.</subfield></datafield><datafield ind1=" " ind2="0" tag="651"><subfield code="a">Greene County (Tenn.)</subfield><subfield code="v">Newspapers.</subfield></datafield><datafield ind1=" " ind2="7" tag="655"><subfield code="a">Newspapers.</subfield><subfield code="2">fast</subfield><subfield code="0">(OCoLC)fst01423814</subfield></datafield><datafield ind1=" " ind2="7" tag="651"><subfield code="a">Tennessee</subfield><subfield code="z">Greene County.</subfield><subfield code="2">fast</subfield><subfield code="0">(OCoLC)fst01220180</subfield></datafield><datafield ind1=" " ind2="7" tag="651"><subfield code="a">Tennessee</subfield><subfield code="z">Greeneville.</subfield><subfield code="2">fast</subfield><subfield code="0">(OCoLC)fst01224711</subfield></datafield><datafield ind1=" " ind2=" " tag="752"><subfield code="a">United States</subfield><subfield code="b">Tennessee</subfield><subfield code="c">Greene</subfield><subfield code="d">Greeneville.</subfield></datafield><datafield ind1="0" ind2="0" tag="785"><subfield code="a">Greeneville republican</subfield><subfield code="w">(DLC)sn 97065125</subfield></datafield></record>